<record xmlns="http://www.loc.gov/MARC21/slim">
   <leader>02508cam a2200517 i 4500</leader>
   <controlfield tag="001">6768990</controlfield>
   <controlfield tag="005">20141117130949.0</controlfield>
   <controlfield tag="006">m     o  d        </controlfield>
   <controlfield tag="007">cr cnu---unuuu</controlfield>
   <controlfield tag="008">141006s2015    moua    ob    001 0 eng d</controlfield>
   <datafield ind1=" " ind2=" " tag="020">
      <subfield code="a">9780323243575</subfield>
      <subfield code="q">electronic bk.</subfield>
   </datafield>
   <datafield ind1=" " ind2=" " tag="020">
      <subfield code="a">0323243576</subfield>
      <subfield code="q">electronic bk.</subfield>
   </datafield>
   <datafield ind1=" " ind2=" " tag="020">
      <subfield code="z">9780323169301</subfield>
   </datafield>
   <datafield ind1=" " ind2=" " tag="020">
      <subfield code="z">0323169309</subfield>
   </datafield>
   <datafield ind1=" " ind2=" " tag="039">
      <subfield code="a">exclude</subfield>
   </datafield>
   <datafield ind1=" " ind2=" " tag="040">
      <subfield code="a">N$T</subfield>
      <subfield code="b">eng</subfield>
      <subfield code="e">rda</subfield>
      <subfield code="e">pn</subfield>
      <subfield code="c">N$T</subfield>
      <subfield code="d">OCLCO</subfield>
      <subfield code="d">AEU</subfield>
   </datafield>
   <datafield ind1=" " ind2="4" tag="050">
      <subfield code="a">SF772.6</subfield>
      <subfield code="b">.S57 2015eb</subfield>
   </datafield>
   <datafield ind1="1" ind2="4" tag="060">
      <subfield code="a">2014 G-556</subfield>
   </datafield>
   <datafield ind1="1" ind2="4" tag="060">
      <subfield code="a">SF 772.6</subfield>
   </datafield>
   <datafield ind1="0" ind2="4" tag="082">
      <subfield code="a">636.089/60756</subfield>
      <subfield code="2">23</subfield>
   </datafield>
   <datafield ind1=" " ind2=" " tag="090">
      <subfield code="a">Internet Access</subfield>
      <subfield code="b">AOAC</subfield>
   </datafield>
   <datafield ind1=" " ind2=" " tag="090">
      <subfield code="a">SF 772.6 S57 2015</subfield>
      <subfield code="b">AOAC</subfield>
   </datafield>
   <datafield ind1="1" ind2=" " tag="100">
      <subfield code="a">Sirois, Margi,</subfield>
      <subfield code="e">author.</subfield>
   </datafield>
   <datafield ind1="1" ind2="0" tag="245">
      <subfield code="a">Laboratory procedures for veterinary technicians /</subfield>
      <subfield code="c">Margi Sirois, EdD, MS, RVT, LAT, Program Director, Veterinary Technology Program, Wright Career College, Overland Park, Kansas.</subfield>
   </datafield>
   <datafield ind1=" " ind2=" " tag="250">
      <subfield code="a">Sixth edition /</subfield>
      <subfield code="b">Margi Sirois.</subfield>
   </datafield>
   <datafield ind1=" " ind2="1" tag="264">
      <subfield code="a">St. Louis, Missouri :</subfield>
      <subfield code="b">Elsevier/Mosby,</subfield>
      <subfield code="c">[2015]</subfield>
   </datafield>
   <datafield ind1=" " ind2=" " tag="300">
      <subfield code="a">1 online resource (viii, 440 pages) :</subfield>
      <subfield code="b">color illustrations.</subfield>
   </datafield>
   <datafield ind1=" " ind2=" " tag="336">
      <subfield code="a">text</subfield>
      <subfield code="b">txt</subfield>
      <subfield code="2">rdacontent</subfield>
   </datafield>
   <datafield ind1=" " ind2=" " tag="337">
      <subfield code="a">computer</subfield>
      <subfield code="b">c</subfield>
      <subfield code="2">rdamedia</subfield>
   </datafield>
   <datafield ind1=" " ind2=" " tag="338">
      <subfield code="a">online resource</subfield>
      <subfield code="b">cr</subfield>
      <subfield code="2">rdacarrier</subfield>
   </datafield>
   <datafield ind1=" " ind2=" " tag="500">
      <subfield code="a">Precededed by Laboratory procedures for veterinary technicians / by Charles M. Hendrix and Margi Sirois. 5th ed. c2007.</subfield>
   </datafield>
   <datafield ind1=" " ind2=" " tag="504">
      <subfield code="a">Includes bibliographical references and index.</subfield>
   </datafield>
   <datafield ind1=" " ind2=" " tag="506">
      <subfield code="a">Access restricted to authorized users and institutions.</subfield>
   </datafield>
   <datafield ind1=" " ind2=" " tag="588">
      <subfield code="a">Description based on print version record.</subfield>
   </datafield>
   <datafield ind1=" " ind2=" " tag="596">
      <subfield code="a">33</subfield>
   </datafield>
   <datafield ind1=" " ind2="0" tag="650">
      <subfield code="a">Veterinary medicine</subfield>
      <subfield code="v">Laboratory manuals.</subfield>
   </datafield>
   <datafield ind1=" " ind2="0" tag="650">
      <subfield code="a">Veterinary clinical pathology</subfield>
      <subfield code="v">Laboratory manuals.</subfield>
   </datafield>
   <datafield ind1="1" ind2="2" tag="650">
      <subfield code="a">Clinical Laboratory Techniques</subfield>
      <subfield code="x">veterinary</subfield>
      <subfield code="v">Laboratory Manuals.</subfield>
   </datafield>
   <datafield ind1="2" ind2="2" tag="650">
      <subfield code="a">Animal Technicians</subfield>
      <subfield code="v">Laboratory Manuals.</subfield>
   </datafield>
   <datafield ind1="2" ind2="2" tag="650">
      <subfield code="a">Pathology, Veterinary</subfield>
      <subfield code="v">Laboratory Manuals.</subfield>
   </datafield>
   <datafield ind1="1" ind2=" " tag="700">
      <subfield code="a">Hendrix, Charles M.</subfield>
      <subfield code="q">(Charles Mackey).</subfield>
      <subfield code="t">Laboratory procedures for veterinary technicians.</subfield>
   </datafield>
   <datafield ind1="0" ind2="8" tag="776">
      <subfield code="i">Print version:</subfield>
      <subfield code="a">Sirois, Margi, author.</subfield>
      <subfield code="t">Laboratory procedures for veterinary technicians.</subfield>
      <subfield code="b">Sixth edition</subfield>
      <subfield code="z">9780323169301</subfield>
      <subfield code="w">(DLC)  2013049841</subfield>
      <subfield code="w">(OCoLC)866766656</subfield>
   </datafield>
   <datafield ind1="4" ind2="0" tag="856">
      <subfield code="3">Olds College Access</subfield>
      <subfield code="u">http://search.ebscohost.com/login.aspx?direct=true&amp;scope=site&amp;db=nlebk&amp;db=nlabk&amp;AN=860327</subfield>
   </datafield>
   <datafield ind1=" " ind2=" " tag="949">
      <subfield code="h">UAIN</subfield>
      <subfield code="m">OLDS</subfield>
      <subfield code="z">NETLIBOLDS</subfield>
   </datafield>
   <datafield ind1=" " ind2=" " tag="926">
      <subfield code="a">Internet Access</subfield>
      <subfield code="w">LC</subfield>
      <subfield code="c">1</subfield>
      <subfield code="i">6768990-1001</subfield>
      <subfield code="l">INTERNET</subfield>
      <subfield code="m">OLDS</subfield>
      <subfield code="r">Y</subfield>
      <subfield code="s">Y</subfield>
      <subfield code="t">E-RESOURCE</subfield>
      <subfield code="u">1/8/2015</subfield>
      <subfield code="x">E-BOOK</subfield>
      <subfield code="z">EBSCOOLDP</subfield>
   </datafield>
   <datafield ind1=" " ind2=" " tag="926">
      <subfield code="a">SF 772.6 S57 2015</subfield>
      <subfield code="w">LC</subfield>
      <subfield code="c">1</subfield>
      <subfield code="i">0164000767966</subfield>
      <subfield code="d">5/19/2016</subfield>
      <subfield code="e">5/19/2016</subfield>
      <subfield code="l">RESERVES</subfield>
      <subfield code="m">OLDS</subfield>
      <subfield code="n">1</subfield>
      <subfield code="r">Y</subfield>
      <subfield code="s">Y</subfield>
      <subfield code="t">LOCAL_LOAN</subfield>
      <subfield code="u">1/9/2015</subfield>
   </datafield>
</record>
